/home/will/bibliography/GloSea paper.bib